@article{larsen2019business,
	title={Business cycle narratives},
	author={Larsen, Vegard and Thorsrud, Leif Anders},
	year={2019},
	publisher={CESifo Working Paper}
}

@article{arifovic2013social,
	title={Social learning and monetary policy rules},
	author={Arifovic, Jasmina and Bullard, James and Kostyshyna, Olena},
	journal={The Economic Journal},
	volume={123},
	number={567},
	pages={38--76},
	year={2013},
	publisher={Oxford University Press Oxford, UK}
}


@article{arifovic2018learning,
	title={Learning to live in a liquidity trap},
	author={Arifovic, Jasmina and Schmitt-Groh{\'e}, Stephanie and Uribe, Martin},
	journal={Journal of Economic Dynamics and Control},
	volume={89},
	pages={120--136},
	year={2018},
	publisher={Elsevier}
}


@article{larsen2021news,
	title={News-driven inflation expectations and information rigidities},
	author={Larsen, Vegard H and Thorsrud, Leif Anders and Zhulanova, Julia},
	journal={Journal of Monetary Economics},
	volume={117},
	pages={507--520},
	year={2021},
	publisher={Elsevier}
}

@article{easaw2015households,
	title={Households forming macroeconomic expectations: inattentive behavior with social learning},
	author={Easaw, Joshy and Mossay, Pascal},
	journal={The BE Journal of Macroeconomics},
	volume={15},
	number={1},
	pages={339--363},
	year={2015},
	publisher={De Gruyter}
}

@article{dopke2008dynamics,
	title={The dynamics of european inflation expectations},
	author={D{\"o}pke, J{\"o}rg and Dovern, Jonas and Fritsche, Ulrich and Slacalek, Jiri},
	journal={The BE Journal of Macroeconomics},
	volume={8},
	number={1},
	year={2008},
	publisher={De Gruyter}
}

@article{lanne2009naive,
	title={A na{\"\i}ve sticky information model of householdsâ€™ inflation expectations},
	author={Lanne, Markku and Luoma, Arto and Luoto, Jani},
	journal={Journal of Economic Dynamics and Control},
	volume={33},
	number={6},
	pages={1332--1344},
	year={2009},
	publisher={Elsevier}
}

@article{easaw2013determines,
	title={What determines households inflation expectations? Theory and evidence from a household survey},
	author={Easaw, Joshy and Golinelli, Roberto and Malgarini, Marco},
	journal={European Economic Review},
	volume={61},
	pages={1--13},
	year={2013},
	publisher={Elsevier}
}

@book{brock2005social,
	title={Social interactions and macroeconomics},
	author={Brock, William A and Durlauf, Steven N and others},
	year={2005}
}

@article{brock1997rational,
	title={A rational route to randomness},
	author={Brock, William A and Hommes, Cars H},
	journal={Econometrica: Journal of the Econometric Society},
	pages={1059--1095},
	year={1997},
	publisher={JSTOR}
}